@Manual{R-base,
  title = {R: A Language and Environment for Statistical Computing},
  author = {{R Core Team}},
  organization = {R Foundation for Statistical Computing},
  address = {Vienna, Austria},
  year = {2017},
  url = {https://www.R-project.org/},
}
@Manual{R-papaja,
  author = {Frederik Aust and Marius Barth},
  title = {{papaja}: {Create} {APA} manuscripts with {R Markdown}},
  year = {2017},
  note = {R package version 0.1.0.9655},
  url = {https://github.com/crsh/papaja},
}
@Manual{R-broom,
  title = {broom: Convert Statistical Analysis Objects into Tidy Data Frames},
  author = {David Robinson},
  year = {2017},
  note = {R package version 0.4.3},
  url = {https://CRAN.R-project.org/package=broom},
}
@Manual{R-dplyr,
  title = {dplyr: A Grammar of Data Manipulation},
  author = {Hadley Wickham and Romain Francois and Lionel Henry and Kirill M端ller},
  year = {2017},
  note = {R package version 0.7.4},
  url = {https://CRAN.R-project.org/package=dplyr},
}
@Manual{R-forcats,
  title = {forcats: Tools for Working with Categorical Variables (Factors)},
  author = {Hadley Wickham},
  year = {2018},
  note = {R package version 0.3.0},
  url = {https://CRAN.R-project.org/package=forcats},
}
@Book{R-ggplot2,
  author = {Hadley Wickham},
  title = {ggplot2: Elegant Graphics for Data Analysis},
  publisher = {Springer-Verlag New York},
  year = {2009},
  isbn = {978-0-387-98140-6},
  url = {http://ggplot2.org},
}
@Manual{R-here,
  title = {here: A Simpler Way to Find Your Files},
  author = {Kirill M端ller},
  year = {2017},
  note = {R package version 0.1},
  url = {https://CRAN.R-project.org/package=here},
}
@Manual{R-kableExtra,
  title = {kableExtra: Construct Complex Table with 'kable' and Pipe Syntax},
  author = {Hao Zhu},
  year = {2018},
  note = {R package version 0.8.0},
  url = {https://CRAN.R-project.org/package=kableExtra},
}
@Book{R-knitr,
  title = {Dynamic Documents with {R} and knitr},
  author = {Yihui Xie},
  publisher = {Chapman and Hall/CRC},
  address = {Boca Raton, Florida},
  year = {2015},
  edition = {2nd},
  note = {ISBN 978-1498716963},
  url = {https://yihui.name/knitr/},
}
@Article{R-lme4,
  title = {Fitting Linear Mixed-Effects Models Using {lme4}},
  author = {Douglas Bates and Martin M{\"a}chler and Ben Bolker and Steve Walker},
  journal = {Journal of Statistical Software},
  year = {2015},
  volume = {67},
  number = {1},
  pages = {1--48},
  doi = {10.18637/jss.v067.i01},
}
@Manual{R-Matrix,
  title = {Matrix: Sparse and Dense Matrix Classes and Methods},
  author = {Douglas Bates and Martin Maechler},
  year = {2017},
  note = {R package version 1.2-12},
  url = {https://CRAN.R-project.org/package=Matrix},
}
@Manual{R-purrr,
  title = {purrr: Functional Programming Tools},
  author = {Lionel Henry and Hadley Wickham},
  year = {2017},
  note = {R package version 0.2.4},
  url = {https://CRAN.R-project.org/package=purrr},
}
@Manual{R-readr,
  title = {readr: Read Rectangular Text Data},
  author = {Hadley Wickham and Jim Hester and Romain Francois},
  year = {2017},
  note = {R package version 1.1.1},
  url = {https://CRAN.R-project.org/package=readr},
}
@Manual{R-stringr,
  title = {stringr: Simple, Consistent Wrappers for Common String Operations},
  author = {Hadley Wickham},
  year = {2018},
  note = {R package version 1.3.0},
  url = {https://CRAN.R-project.org/package=stringr},
}
@Manual{R-tibble,
  title = {tibble: Simple Data Frames},
  author = {Kirill M端ller and Hadley Wickham},
  year = {2018},
  note = {R package version 1.4.2},
  url = {https://CRAN.R-project.org/package=tibble},
}
@Manual{R-tidyr,
  title = {tidyr: Easily Tidy Data with 'spread()' and 'gather()' Functions},
  author = {Hadley Wickham and Lionel Henry},
  year = {2018},
  note = {R package version 0.8.0},
  url = {https://CRAN.R-project.org/package=tidyr},
}
@Manual{R-tidyverse,
  title = {tidyverse: Easily Install and Load the 'Tidyverse'},
  author = {Hadley Wickham},
  year = {2017},
  note = {R package version 1.2.1},
  url = {https://CRAN.R-project.org/package=tidyverse},
}
@Manual{R-bindrcpp,
  title = {bindrcpp: An 'Rcpp' Interface to Active Bindings},
  author = {Kirill M端ller},
  year = {2017},
  note = {R package version 0.2},
  url = {https://CRAN.R-project.org/package=bindrcpp},
}
@Book{Ambrazas97,
  title = {Lithuanian Grammar},
  editor = {Vytautas Ambrazas},
  publisher = {Baltos Lankos},
  address = {Vilnius, Lithuania},
  year = {1997},
}
@Article{Kenstowicz72,
  title = {Lithuanian Phonology},
  author = {Michael Kenstowicz},
  journal = {Studies in the Linguistic Sciences},
  year = {1972},
  volume = {2},
  pages = {1--85},
}
@Book{Girdenis03,
  title = {Teorinai Lietuviu fonologijos pagrindai [Theoretical 
  foundations of Lithuanian phonology]},
  editor = {Aleksas Girdenis},
  publisher = {Mokslo Ir Enciklopediju Leidybos Institutas},
  address = {Vilnius, Lithuania},
  year = {2003},
}
@Manual{Praat,
  title = {Praat: doing phonetics by computer},
  author = {Paul Boersma and David Weenink},
  year = {2016},
  note = {version 6.0.25},
  url = {https://praat.org/},
}
@Article{Francisetal02,
  title = {Accuracy and variability of acoustic measures of voicing onset},
  author = {Alexander Francis and Valter Ciocca and Jojo Man Ching Yu},
  journal = {Journal of the Acoustical Society of America},
  year = {2002},
  volume = {113},
  pages = {1025--1032},
}
@Incollection{Turketal06,
  title = {Acoustic segment durations in prosodic research: a practical guide},
  author = {Alice Turk and Satsuki Nakai and Mariko Sugahara},
  booktitle = {Methods in Empirical Prosody Research},
  editor = {Stefan Sudhoff and Denisa Lenertova and Roland Meyer and Sandra Pappert and Petra Augurzky and Ina Mleinek and Nicole Richter and Johannes Schlieser},
  year = {2006},
  address = {Berlin},
  publisher = {Mouton de Gruyter}, 
  pages = {1--28},
}
@Manual{Lennes03,
  title = {collect_formant_data_from_files.praat},
  author = {Mietta Lennes},
  year = {2003},
  url = {https://www.helsinki.fi/~lennes/praat/scripts/},
}
@Article{Blevins93,
  title = {A tonal analysis of Lithuanian nominal accent},
  author = {Juliette Blevins},
  journal = {Language},
  year = {1993},
  volume = {69},
  pages = {237--273},
}
@Incollection{Dogil99,
  title = {Baltic languages},
  author = {Gregorz Dogil},
  booktitle = {Word Prosodic Systems in the Languages of Europe},
  editor = {H. van der Hulst},
  year = {1999},
  address = {Berlin},
  publisher = {Mouton de Gruyter}, 
  pages = {877--897},
}
@Book{Mathiassen96,
  title = {A Short Grammar of Lithuanian},
  author = {Terje Mathiassen},
  publisher = {Slavica Publishers},
  address = {Columbus, OH},
  year = {1996},
}
@Book{Young91,
  title = {The Prosodic Structure of Lithuanian},
  author = {S. R. Young},
  publisher = {University Press of America},
  year = {1991},
}
@Article{Klatt76,
  title = {Linguistic uses of segmental duration in English: acoustic and perceptual evidence},
  author = {Dennis H Klatt},
  journal = {Journal of the Acoustical Society of America},
  year = {1976},
  volume = {59},
  pages = {1208--1221},
}
@Article{Harris63,
  title = {Loudness discrimination},
  author = {Donald J Harris},
  journal = {Journal of Speech and Hearing Disorders},
  year = {1963},
  note = {Monograph Supplement No. 11},
}
@Article{Gordon_Roettger17,
  title = {Loudness Acoustic correlates of word stress: a cross-linguistic survey},
  author = {Matthew Gordon and Timo Roettger},
  journal = {Linguistics Vanguard},
  year = {2017},
  volume = {3},
  note = {Article #20170007},
}
@Article{deLacy02,
  title = {The interaction of tone and stress in Optimality Theory},
  author = {Paul deLacy},
  journal = {Phonology},
  year = {2002},
  volume = {19},
  pages = {1--32},
}
@Article{Wightmanetal92,
  title = {Segmental durations in the vicinity of prosodic phrase boundaries},
  author = {Colin W. Wightman and Stephanie Shattuck-Hufnagel and Mari Ostendorf and Patti J. Price},
  journal = {Journal of the Acoustical Society of America},
  year = {1992},
  volume = {92},
  pages = {1707--1717},
}